<?xml version="1.0" encoding="UTF-8"?><collection xmlns="http://www.loc.gov/MARC21/slim"><record><leader>00380nam--2200133-i-4500</leader><controlfield tag="001">000042188</controlfield><controlfield tag="002">20161230</controlfield><controlfield tag="005">20170125153808</controlfield><controlfield tag="008">060222s1000------------r-----000-0-eng-d</controlfield><datafield ind1=" " ind2=" " tag="245"><subfield code="a">Solubilities of inorganic and organic compunds: Vol. 1: Binary system. Part 2</subfield></datafield><datafield ind1=" " ind2=" " tag="260"><subfield code="a">Oxford</subfield><subfield code="b">Pergamon Press</subfield><subfield code="c">1963-1964</subfield></datafield><datafield ind1=" " ind2=" " tag="700"><subfield code="a">Stephen, T</subfield></datafield><datafield ind1=" " ind2=" " tag="852"><subfield code="a">21136</subfield></datafield><datafield ind1=" " ind2=" " tag="CAT"><subfield code="a">SYS</subfield><subfield code="c">20170125</subfield><subfield code="h">153808</subfield></datafield></record></collection>